<?xml version="1.0" encoding="UTF-8"?><collection xmlns="http://www.loc.gov/MARC21/slim"><record><leader>00321nam--2200133-i-4500</leader><controlfield tag="001">000016595</controlfield><controlfield tag="002">20161230</controlfield><controlfield tag="005">20161230201031</controlfield><controlfield tag="008">060222s1000------------r-----000-0-eng-d</controlfield><datafield ind1=" " ind2=" " tag="100"><subfield code="a">Cuculescu, I</subfield></datafield><datafield ind1=" " ind2=" " tag="245"><subfield code="a">Seminar o.oncescu algebre lie</subfield></datafield><datafield ind1=" " ind2=" " tag="260"><subfield code="a">Bucuresti, Ed.Academiei R.P.R., 1962</subfield></datafield><datafield ind1=" " ind2=" " tag="490"><subfield code="a">147p</subfield></datafield><datafield ind1=" " ind2=" " tag="852"><subfield code="a">512.81</subfield></datafield></record></collection>